@book{bringhurst1996ets,
  title={{The Elements of Typographic Style}},
  author={Bringhurst, Robert},
  year={1996},
  publisher={Hartley \& Marks}
}

@misc{compcert,
  title = {CompCert C Compiler},
  author = {XY},
  howpublished = {\url{https://www.absint.com/factsheets/factsheet_compcert_c_web.pdf}},
  note = {Accessed: 2025-05-28}
}
